@inproceedings{Furr:2009:STI:1529282.1529700,
 author = {Furr, Michael and An, Jong-hoon (David) and Foster, Jeffrey S. and Hicks, Michael},
 title = {Static type inference for Ruby},
 booktitle = {Proceedings of the 2009 ACM symposium on Applied Computing},
 series = {SAC '09},
 year = {2009},
 isbn = {978-1-60558-166-8},
 location = {Honolulu, Hawaii},
 pages = {1859--1866},
 numpages = {8},
 url = {http://doi.acm.org/10.1145/1529282.1529700},
 doi = {10.1145/1529282.1529700},
 acmid = {1529700},
 publisher = {ACM},
 address = {New York, NY, USA},
 keywords = {Ruby, contracts, dynamic typing, type inference},
} 

@inproceedings{Holkner:2009:EDB:1862659.1862665,
 author = {Holkner, Alex and Harland, James},
 title = {Evaluating the dynamic behaviour of Python applications},
 booktitle = {Proceedings of the Thirty-Second Australasian Conference on Computer Science - Volume 91},
 series = {ACSC '09},
 year = {2009},
 isbn = {978-1-920682-72-9},
 location = {Wellington, New Zealand},
 pages = {19--28},
 numpages = {10},
 url = {http://dl.acm.org/citation.cfm?id=1862659.1862665},
 acmid = {1862665},
 publisher = {Australian Computer Society, Inc.},
 address = {Darlinghurst, Australia, Australia},
 keywords = {Python and compilers, dynamic languages},
} 

